<record><leader>00000cas a22000007a 4500</leader><controlfield tag="001">17870432</controlfield><controlfield tag="008">880429d19511952laucr ne      0    0eng d</controlfield><datafield ind1=" " ind2=" " tag="010"><subfield code="a">sn 88064373 </subfield></datafield><datafield ind1=" " ind2=" " tag="040"><subfield code="a">LNP</subfield><subfield code="b">eng</subfield><subfield code="c">LNP</subfield><subfield code="d">OCLCQ</subfield><subfield code="d">OCLCF</subfield><subfield code="d">OCLCO</subfield></datafield><datafield ind1="1" ind2=" " tag="029"><subfield code="a">AU@</subfield><subfield code="b">000020037981</subfield></datafield><datafield ind1=" " ind2=" " tag="042"><subfield code="a">msc</subfield></datafield><datafield ind1=" " ind2=" " tag="043"><subfield code="a">n-us-la</subfield></datafield><datafield ind1="0" ind2="4" tag="245"><subfield code="a">The Franklin sun-Franklin Parish news.</subfield></datafield><datafield ind1="3" ind2="0" tag="246"><subfield code="a">Franklin sun</subfield></datafield><datafield ind1="3" ind2="0" tag="246"><subfield code="a">Franklin Parish news</subfield></datafield><datafield ind1=" " ind2=" " tag="260"><subfield code="a">Winnsboro, La. :</subfield><subfield code="b">Franklin Sun Pub. Co.</subfield></datafield><datafield ind1=" " ind2=" " tag="310"><subfield code="a">Semiweekly,</subfield><subfield code="b">Aug. 19-Nov. 18, 1952</subfield></datafield><datafield ind1=" " ind2=" " tag="321"><subfield code="a">Semiweekly,</subfield><subfield code="b">1951-Jan. 17, 1952</subfield></datafield><datafield ind1=" " ind2=" " tag="321"><subfield code="a">Weekly,</subfield><subfield code="b">Jan. 24-Aug. 14, 1952</subfield></datafield><datafield ind1="0" ind2=" " tag="362"><subfield code="a">Vol. 23/95, no. 1/18 (Oct. 4, 1951)-v. 96, no. 28 (Nov. 18, 1952).</subfield></datafield><datafield ind1=" " ind2="0" tag="651"><subfield code="a">Winnsboro (La.)</subfield><subfield code="v">Newspapers.</subfield></datafield><datafield ind1=" " ind2="7" tag="655"><subfield code="a">Newspapers.</subfield><subfield code="2">fast</subfield><subfield code="0">(OCoLC)fst01423814</subfield></datafield><datafield ind1=" " ind2="7" tag="651"><subfield code="a">Louisiana</subfield><subfield code="z">Winnsboro.</subfield><subfield code="2">fast</subfield><subfield code="0">(OCoLC)fst01229068</subfield></datafield><datafield ind1=" " ind2=" " tag="752"><subfield code="a">United States</subfield><subfield code="b">Louisiana</subfield><subfield code="c">Franklin</subfield><subfield code="d">Winnsboro.</subfield></datafield><datafield ind1="0" ind2="0" tag="780"><subfield code="t">Franklin sun (Winnsboro, La. : 1922)</subfield><subfield code="w">(DLC)sn 88064372</subfield></datafield><datafield ind1="0" ind2="0" tag="785"><subfield code="t">Franklin sun (Winnsboro, La. : 1952)</subfield><subfield code="w">(DLC)sn 83016572</subfield></datafield></record>